

@article{riskscoreAlbright,
  title={If you give a judge a risk score: evidence from Kentucky bail decisions},
  author={Albright, A.},
  journal={Harvard John M. Olin Fellow’s Discussion Paper},
  pages={85},
  year={2019},
  publisher={JSTOR}
}

@article{race_bail_decisions,
  title={Racial Bias in Bail Decisions},
  author={Arnold, D & Dobbie, W, & Yang, C.},
  journal={The Quarterly Journal of Economics, Volume 133, Issue 4},
  pages={1885--1932},
  year={2018},
  publisher={JSTOR}
}

@article{children_peer_effect,
  title={Building Criminal Capital Behind Bars: Peer Effects in Juvenile Corrections},
  author={Bayer, P., et al.},
  journal={The Quarterly Journal of Economics 105},
  pages={105},
  year={2019},
  publisher={JSTOR}
}

@article{pretrial_effect_future,
  title={The Effects of Pretrial Detention on Conviction, Future 	Crime, and Employment: Evidence from Randomly Assigned Judges},
  author={Dobbie, W & Goldin, J & Yang, C.},
  journal={American Economic Review 108},
  pages={201--240},
  year={2018},
  publisher={JSTOR}
}

@article{heavy_cost_high_bail,
  title={The Heavy Costs of High Bail: Evidence from Judge Randomization},
  author={Gupta, A, et al.},
  journal={The Journal of Legal Studies Volume 45, Number 2},
  pages={},
  year={2016},
  publisher={JSTOR}
}

@article{downstream_pretrial_misd,
  title={The Downstream Consequences of Misdemeanor Pretrial Detention},
  author={Heaton, P., et al.},
  journal={Stanford Law Review Volume 69, Issue 3},
  pages={711},
  year={2017},
  publisher={JSTOR}
}

@article{hamilton_crime,
  title={The Hamilton Project, Ten Economic Facts about Crime and Incarceration in the United States. Pretrial Justice: How Much Does It Cost?},
  author={Kearney, M. S., et al.},
  journal={Pretrial ustice Inst.},
  pages={13},
  year={2017},
  publisher={JSTOR}
}

@article{human_predictions,
  title={Human Decisions and Machine Predictions.},
  author={Kleinberg, J., et al.},
  journal={Quarterly Journal of Economics (QJE) volume 133:1},
  pages={},
  year={2018},
  publisher={JSTOR}
}

@article{incar_recidivisn_emply,
  title={Incarceration, Recidivism, and Employment},
  author={Manudeep, B., et al.},
  journal={NHH Dept. of Economics Discussion Paper No. 14.},
  pages={},
  year={2018},
  publisher={JSTOR}
}

@article{Bureau_justice,
  title={Jail Inmates at Midyear 2014.},
  author={Minton, T. D., & Zeng, Z. },
  journal={Bureau of Justice Statistics, U.S. Dep’t of Justice},
  pages={},
  year={2015},
  publisher={JSTOR}
}

@article{disort_justice,
  title={Distortion of Justice: How the Inability to Pay Bail Affects Case Outcomes},
  author={Stevenson, M},
  journal={ournal of Law, Economics & Organization},
  pages={},
  year={2018},
  publisher={JSTOR}
}

@article{breaking_bad,
  title={Breaking Bad: Social Influence and the Path to Criminality in Juvenile Jails},
  author={Stevenson, M},
  journal={ournal of Law, Economics & Organization},
  pages={824–-838},
  year={2015},
  publisher={JSTOR}
}


@Manual{R-base,
  title = {R: A Language and Environment for Statistical Computing},
  author = {{R Core Team}},
  organization = {R Foundation for Statistical Computing},
  address = {Vienna, Austria},
  year = {2020},
  url = {https://www.R-project.org/},
}
@Manual{R-dplyr,
  title = {dplyr: A Grammar of Data Manipulation},
  author = {Hadley Wickham and Romain François and Lionel Henry and Kirill Müller},
  year = {2021},
  note = {R package version 1.0.7},
  url = {https://CRAN.R-project.org/package=dplyr},
}
@Manual{R-forcats,
  title = {forcats: Tools for Working with Categorical Variables (Factors)},
  author = {Hadley Wickham},
  year = {2021},
  note = {R package version 0.5.1},
  url = {https://CRAN.R-project.org/package=forcats},
}
@Book{R-ggplot2,
  author = {Hadley Wickham},
  title = {ggplot2: Elegant Graphics for Data Analysis},
  publisher = {Springer-Verlag New York},
  year = {2016},
  isbn = {978-3-319-24277-4},
  url = {https://ggplot2.tidyverse.org},
}
@Manual{R-papaja,
  author = {Frederik Aust and Marius Barth},
  title = {{papaja}: {Create} {APA} manuscripts with {R Markdown}},
  year = {2020},
  note = {R package version 0.1.0.9997},
  url = {https://github.com/crsh/papaja},
}
@Manual{R-purrr,
  title = {purrr: Functional Programming Tools},
  author = {Lionel Henry and Hadley Wickham},
  year = {2020},
  note = {R package version 0.3.4},
  url = {https://CRAN.R-project.org/package=purrr},
}
@Manual{R-readr,
  title = {readr: Read Rectangular Text Data},
  author = {Hadley Wickham and Jim Hester},
  year = {2020},
  note = {R package version 1.4.0},
  url = {https://CRAN.R-project.org/package=readr},
}
@Manual{R-stringr,
  title = {stringr: Simple, Consistent Wrappers for Common String Operations},
  author = {Hadley Wickham},
  year = {2019},
  note = {R package version 1.4.0},
  url = {https://CRAN.R-project.org/package=stringr},
}
@Manual{R-tibble,
  title = {tibble: Simple Data Frames},
  author = {Kirill Müller and Hadley Wickham},
  year = {2021},
  note = {R package version 3.1.6},
  url = {https://CRAN.R-project.org/package=tibble},
}
@Manual{R-tidyr,
  title = {tidyr: Tidy Messy Data},
  author = {Hadley Wickham},
  year = {2021},
  note = {R package version 1.1.4},
  url = {https://CRAN.R-project.org/package=tidyr},
}
@Article{R-tidyverse,
  title = {Welcome to the {tidyverse}},
  author = {Hadley Wickham and Mara Averick and Jennifer Bryan and Winston Chang and Lucy D'Agostino McGowan and Romain François and Garrett Grolemund and Alex Hayes and Lionel Henry and Jim Hester and Max Kuhn and Thomas Lin Pedersen and Evan Miller and Stephan Milton Bache and Kirill Müller and Jeroen Ooms and David Robinson and Dana Paige Seidel and Vitalie Spinu and Kohske Takahashi and Davis Vaughan and Claus Wilke and Kara Woo and Hiroaki Yutani},
  year = {2019},
  journal = {Journal of Open Source Software},
  volume = {4},
  number = {43},
  pages = {1686},
  doi = {10.21105/joss.01686},
}
